<?xml version="1.0" encoding="UTF-8"?><collection xmlns="http://www.loc.gov/MARC21/slim"><record><leader>00553nam--2200181-i-4500</leader><controlfield tag="001">000010516</controlfield><controlfield tag="002">20161230</controlfield><controlfield tag="005">20161230201028</controlfield><controlfield tag="008">060222s1000------------r-----000-0-fre-d</controlfield><datafield ind1=" " ind2=" " tag="040"><subfield code="a">IFIN-HH</subfield></datafield><datafield ind1=" " ind2=" " tag="041"><subfield code="a">fre</subfield></datafield><datafield ind1=" " ind2=" " tag="080"><subfield code="a">015:536.2</subfield></datafield><datafield ind1="1" ind2=" " tag="100"><subfield code="a">Bury, Pierre</subfield></datafield><datafield ind1=" " ind2=" " tag="245"><subfield code="a">Etude experimentale de la conductivite thermique de la vapeur d'eau jusqu'a 500 c et 500 bar. mesure de hautes pressions</subfield><subfield code="b">These</subfield><subfield code="c">Pierre bury</subfield></datafield><datafield ind1=" " ind2=" " tag="260"><subfield code="a">Paris</subfield><subfield code="b">Universite De Paris Vi</subfield><subfield code="c">1971</subfield></datafield><datafield ind1=" " ind2=" " tag="300"><subfield code="a">69 P. + 27 FIG</subfield></datafield><datafield ind1=" " ind2=" " tag="852"><subfield code="a">38127</subfield><subfield code="c">536</subfield></datafield><datafield ind1=" " ind2=" " tag="CAT"><subfield code="a">Sys</subfield><subfield code="c">20110509</subfield><subfield code="h">141142</subfield></datafield></record></collection>